@article{Dai_2018,
	doi = {10.1088/1475-7516/2018/11/009},
	url = {https://doi.org/10.1088/1475-7516/2018/11/009},
	year = 2018,
	month = {nov},
	publisher = {{IOP} Publishing},
	volume = {2018},
	number = {11},
	pages = {009--009},
	author = {Biwei Dai and Yu Feng and Uro{\v{s}} Seljak},
	title = {A gradient based method for modeling baryons and matter in halos of fast simulations},
	journal = {Journal of Cosmology and Astroparticle Physics},
	
}

@article{harnois2021cosmic,
  title={Cosmic shear beyond 2-point statistics: Accounting for galaxy intrinsic alignment with projected tidal fields},
  author={Harnois-D{\'e}raps, Joachim and Martinet, Nicolas and Reischke, Robert},
  journal={Monthly Notices of the Royal Astronomical Society},
  year={2021}
}

@article{kilbinger2015cosmology,
  title={Cosmology with cosmic shear observations: a review},
  author={Kilbinger, Martin},
  journal={Reports on Progress in Physics},
  volume={78},
  number={8},
  pages={086901},
  year={2015},
  publisher={IOP Publishing}
}

@article{mandelbaum2018lsst,
  title={The LSST Dark Energy Science Collaboration (DESC) Science Requirements Document},
  author={Mandelbaum, Rachel and Eifler, Tim and Hlo{\v{z}}ek, Ren{\'e}e and Collett, Thomas and Gawiser, Eric and Scolnic, Daniel and Alonso, David and Awan, Humna and Biswas, Rahul and Blazek, Jonathan and others},
  journal={arXiv preprint arXiv:1809.01669},
  year={2018}
}